<record><leader>00000cas a22000007a 4500</leader><controlfield tag="001">10265500</controlfield><controlfield tag="008">840105d19391940lauwr ne      0   a0eng d</controlfield><datafield ind1=" " ind2=" " tag="010"><subfield code="a">sn 84024005 </subfield></datafield><datafield ind1=" " ind2=" " tag="040"><subfield code="a">NPV</subfield><subfield code="b">eng</subfield><subfield code="c">NPV</subfield><subfield code="d">LNP</subfield><subfield code="d">LSH</subfield><subfield code="d">OCLCQ</subfield><subfield code="d">OCLCF</subfield><subfield code="d">OCLCO</subfield><subfield code="d">OCL</subfield><subfield code="d">NDD</subfield></datafield><datafield ind1=" " ind2=" " tag="042"><subfield code="a">msc</subfield></datafield><datafield ind1=" " ind2=" " tag="043"><subfield code="a">n-us-la</subfield></datafield><datafield ind1=" " ind2=" " tag="045"><subfield code="a">x3--</subfield></datafield><datafield ind1=" " ind2=" " tag="052"><subfield code="a">4013</subfield><subfield code="b">T3</subfield></datafield><datafield ind1="0" ind2=" " tag="130"><subfield code="a">American progress (Hammond, La.)</subfield></datafield><datafield ind1="1" ind2="4" tag="245"><subfield code="a">The American progress.</subfield></datafield><datafield ind1=" " ind2=" " tag="260"><subfield code="a">Hammond, La. :</subfield><subfield code="b">Progress Pub. Co.</subfield></datafield><datafield ind1=" " ind2=" " tag="300"><subfield code="a">v. :</subfield><subfield code="b">ill.</subfield></datafield><datafield ind1=" " ind2=" " tag="310"><subfield code="a">Weekly</subfield></datafield><datafield ind1="0" ind2=" " tag="362"><subfield code="a">Vol. 7, no. 23 (Sept. 15, 1939)-v. 7, no 48 (Mar. 1, 1940).</subfield></datafield><datafield ind1=" " ind2="0" tag="651"><subfield code="a">Louisiana</subfield><subfield code="x">Politics and government.</subfield></datafield><datafield ind1=" " ind2="7" tag="650"><subfield code="a">Politics and government</subfield><subfield code="2">fast</subfield><subfield code="0">(OCoLC)fst01919741</subfield></datafield><datafield ind1=" " ind2="7" tag="651"><subfield code="a">Louisiana.</subfield><subfield code="2">fast</subfield><subfield code="0">(OCoLC)fst01207035</subfield></datafield><datafield ind1=" " ind2=" " tag="752"><subfield code="a">United States</subfield><subfield code="b">Louisiana</subfield><subfield code="c">Tangipahoa</subfield><subfield code="d">Hammond.</subfield></datafield><datafield ind1="0" ind2="0" tag="780"><subfield code="t">Progress (Hammond, La.)</subfield><subfield code="w">(DLC)sn 84024007</subfield><subfield code="w">(OCoLC)10265489</subfield></datafield><datafield ind1="1" ind2=" " tag="029"><subfield code="a">AU@</subfield><subfield code="b">000025829676</subfield></datafield></record>